@article{ovreaas2000population,
  title={Population and community level approaches for analysing microbial diversity in natural environments},
  author={{\O}vre{\aa}s, L},
  journal={Ecology Letters},
  volume={3},
  number={3},
  pages={236--251},
  year={2000},
  publisher={Wiley Online Library}
}

@article{gibbons2015microbial,
  title={Microbial diversityâ€”exploration of natural ecosystems and microbiomes},
  author={Gibbons, Sean M and Gilbert, Jack A},
  journal={Current opinion in genetics \& development},
  volume={35},
  pages={66--72},
  year={2015},
  publisher={Elsevier}
}

@article{zaccaria2017modeling,
  title={Modeling microbial communities: a call for collaboration between experimentalists and theorists},
  author={Zaccaria, Marco and Dedrick, Sandra and Momeni, Babak},
  journal={Processes},
  volume={5},
  number={4},
  pages={53},
  year={2017},
  publisher={Multidisciplinary Digital Publishing Institute}
}

@article{transtrum2016bridging,
  title={Bridging mechanistic and phenomenological models of complex biological systems},
  author={Transtrum, Mark K and Qiu, Peng},
  journal={PLoS computational biology},
  volume={12},
  number={5},
  pages={e1004915},
  year={2016},
  publisher={Public Library of Science San Francisco, CA USA}
}

@article{safuan2015mathematical,
  title={Mathematical analysis of population growth subject to environmental change},
  author={Safuan, Hamizah Mohd},
  journal={Bulletin of the Australian Mathematical Society},
  volume={92},
  number={2},
  pages={351--352},
  year={2015},
  publisher={Cambridge University Press}
}

@article{grijspeerdt1999estimating,
  title={Estimating the parameters of the Baranyi model for bacterial growth},
  author={Grijspeerdt, Koen and Vanrolleghem, Peter},
  journal={Food microbiology},
  volume={16},
  number={6},
  pages={593--605},
  year={1999},
  publisher={London; Orlando: Academic Press, c1984-}
}

@article{peleg2011microbial,
  title={Microbial growth curves: what the models tell us and what they cannot},
  author={Peleg, Micha and Corradini, Maria G},
  journal={Critical reviews in food science and nutrition},
  volume={51},
  number={10},
  pages={917--945},
  year={2011},
  publisher={Taylor \& Francis}
}