@article{steele2006innate,
  title={The innate basis of food-hoarding decisions in grey squirrels: evidence for behavioural adaptations to the oaks},
  author={Steele, Michael A and Manierre, Steve and Genna, Theresa and Contreras, Thomas A and Smallwood, Peter D and Pereira, Michael E},
  journal={Animal Behaviour},
  volume={71},
  number={1},
  pages={155--160},
  year={2006},
  publisher={Elsevier}
}

@article{tamarin1971population,
  title={The population biology of Hawaiian rodents: demographic parameters},
  author={Tamarin, Robert H and Malecha, Spencer R},
  journal={Ecology},
  volume={52},
  number={3},
  pages={383--394},
  year={1971},
  publisher={Wiley Online Library}
}

@article{white2020behaviour,
  title={Behaviour at short temporal scales drives dispersal dynamics and survival in a metapopulation of brook trout (Salvelinus fontinalis)},
  author={White, Shannon L and Wagner, Tyler},
  journal={Freshwater Biology},
  year={2020},
  publisher={Wiley Online Library}
}

@article{malo2013positive,
  title={Positive effects of an invasive shrub on aggregation and abundance of a native small rodent},
  author={Malo, Aurelio F and Godsall, Ben and Prebble, Clare and Grange, Zoe and McCandless, Samantha and Taylor, Andrew and Coulson, Tim},
  journal={Behavioral Ecology},
  volume={24},
  number={3},
  pages={759--767},
  year={2013},
  publisher={Oxford University Press UK}
}

@article{jacob2000microhabitat,
  title={Microhabitat use, giving-up densities and temporal activity as short-and long-term anti-predator behaviors in common voles},
  author={Jacob, Jens and Brown, Joel S},
  journal={Oikos},
  volume={91},
  number={1},
  pages={131--138},
  year={2000},
  publisher={Wiley Online Library}
}

@article{pratas2016moon,
  title={The moon cycle effect on the activity patterns of ocelots and their prey},
  author={Pratas-Santiago, Lu{\'\i}s Pedro and Gon{\c{c}}alves, Andr{\'e} Luis Sousa and da Maia Soares, AMV and Spironello, Wilson Roberto},
  journal={Journal of Zoology},
  volume={299},
  number={4},
  pages={275--283},
  year={2016},
  publisher={Wiley Online Library}
}

@article{diaz2003wood,
  title={Wood mouse Apodemus sylvaticus winter food supply: density, condition, breeding, and parasites},
  author={D{\'\i}az, Mario and Alonso, C{\'e}sar Luis},
  journal={Ecology},
  volume={84},
  number={10},
  pages={2680--2691},
  year={2003},
  publisher={Wiley Online Library}
}