@article{di2018increased,
  title={Increased spatial and temporal autocorrelation of temperature under climate change},
  author={Di Cecco, Grace J and Gouhier, Tarik C},
  journal={Scientific reports},
  volume={8},
  number={1},
  pages={1--9},
  year={2018},
  publisher={Nature Publishing Group}
}